% Encoding: UTF-8

@Article{1638022,
  author   = {H. Durrant-Whyte and T. Bailey},
  title    = {Simultaneous localization and mapping: part I},
  journal  = {IEEE Robotics Automation Magazine},
  year     = {2006},
  volume   = {13},
  number   = {2},
  pages    = {99-110},
  month    = {June},
  doi      = {10.1109/MRA.2006.1638022},
  issn     = {1070-9932},
  keywords = {mobile robots;path planning;SLAM problem;mobile robots;simultaneous localization and mapping problem;Artificial intelligence;Bayesian methods;Buildings;History;Mobile robots;Navigation;Particle filters;Robotics and automation;Simultaneous localization and mapping;Vehicles},
}

@InProceedings{7487486,
  author    = {C. C. T. Mendes and V. Fr√©mont and D. F. Wolf},
  title     = {Exploiting fully convolutional neural networks for fast road detection},
  booktitle = {2016 IEEE International Conference on Robotics and Automation (ICRA)},
  year      = {2016},
  pages     = {3174-3179},
  month     = {May},
  doi       = {10.1109/ICRA.2016.7487486},
  keywords  = {image classification;mobile robots;motion control;neural net architecture;neurocontrollers;object detection;path planning;road vehicles;robot vision;NiN architecture;autonomous navigation systems;autonomous vehicle;contextual window sizes;convolutional neural network architecture;image classification;maneuvers;network-in-network architecture;road area;visual road detection;Benchmark testing;Computer architecture;Neural networks;Roads;Standards;Training;Visualization},
}

@InProceedings{6696520,
  author    = {E. Rohmer and S. P. N. Singh and M. Freese},
  title     = {V-REP: A versatile and scalable robot simulation framework},
  booktitle = {2013 IEEE/RSJ International Conference on Intelligent Robots and Systems},
  year      = {2013},
  pages     = {1321-1326},
  month     = {Nov},
  doi       = {10.1109/IROS.2013.6696520},
  issn      = {2153-0858},
  keywords  = {control engineering computing;digital simulation;robots;V-REP;built-in functionality;control techniques;education;factory automation simulation;flexible simulation framework;hardware control;portable simulation framework;productivity;rapid algorithm development;rapid prototyping;remote monitoring;robotics systems;safety monitoring;scalable robot simulation framework;simulation models;system verification;training;versatile robot simulation framework;Computational modeling;Hardware;Joints;Load modeling;Robots;Sensors;Shape},
}

@Article{736001,
  author   = {U. Franke and D. Gavrila and S. Gorzig and F. Lindner and F. Puetzold and C. Wohler},
  title    = {Autonomous driving goes downtown},
  journal  = {IEEE Intelligent Systems and their Applications},
  year     = {1998},
  volume   = {13},
  number   = {6},
  pages    = {40-48},
  month    = {Nov},
  doi      = {10.1109/5254.736001},
  issn     = {1094-7167},
  keywords = {computer vision;driver information systems;complex urban traffic;computer-vision systems;driver-assistance systems;highway scenarios;intelligent Stop&Go system;vehicle guidance;vision-module control;Cameras;Computer vision;Intelligent systems;Intelligent vehicles;Mobile robots;Remotely operated vehicles;Smart pixels;Stereo vision;Vehicle detection;Vehicle driving},
}

@Article{4523358,
  author   = {E. Lindholm and J. Nickolls and S. Oberman and J. Montrym},
  title    = {NVIDIA Tesla: A Unified Graphics and Computing Architecture},
  journal  = {IEEE Micro},
  year     = {2008},
  volume   = {28},
  number   = {2},
  pages    = {39-55},
  month    = {March},
  doi      = {10.1109/MM.2008.31},
  issn     = {0272-1732},
  keywords = {C language;application program interfaces;computer graphics;multi-threading;parallel architectures;API;Tesla scalable unified programmable graphics;multithreading;parallel array of processors;parallel computing architecture;Computer architecture;Concurrent computing;Graphics;Load management;Multicore processing;Parallel processing;Parallel programming;Pipelines;Portable computers;Workstations;GPU;Hot Chips 19;SIMD;SIMT;Tesla;cooperative thread array;graphics processing unit;parallel processor;unified graphics and parallel computing architecture},
}

@InBook{Beni2005,
  pages     = {1--9},
  title     = {From Swarm Intelligence to Swarm Robotics},
  publisher = {Springer Berlin Heidelberg},
  year      = {2005},
  author    = {Beni, Gerardo},
  editor    = {{\c{S}}ahin, Erol and Spears, William M.},
  address   = {Berlin, Heidelberg},
  booktitle = {Swarm Robotics: SAB 2004 International Workshop, Santa Monica, CA, USA, July 17, 2004, Revised Selected Papers},
  doi       = {10.1007/978-3-540-30552-1_1},
  isbn      = {978-3-540-30552-1},
  url       = {http://dx.doi.org/10.1007/978-3-540-30552-1_1},
}

@Article{NEVATIA1980257,
  author  = {Ramakant Nevatia and K Ramesh Babu},
  title   = {Linear feature extraction and description},
  journal = {Computer Graphics and Image Processing},
  year    = {1980},
  volume  = {13},
  number  = {3},
  pages   = {257 - 269},
  doi     = {http://dx.doi.org/10.1016/0146-664X(80)90049-0},
  issn    = {0146-664X},
  url     = {http://www.sciencedirect.com/science/article/pii/0146664X80900490},
}

@InProceedings{4270051,
  author    = {D. Chekhlov and M. Pupilli and W. Mayol and A. Calway},
  title     = {Robust Real-Time Visual SLAM Using Scale Prediction and Exemplar Based Feature Description},
  booktitle = {2007 IEEE Conference on Computer Vision and Pattern Recognition},
  year      = {2007},
  pages     = {1-7},
  month     = {June},
  doi       = {10.1109/CVPR.2007.383026},
  issn      = {1063-6919},
  keywords  = {SLAM (robots);feature extraction;gradient methods;image matching;image representation;mobile robots;robot vision;SIFT-like spatial gradient descriptor;erratic camera motion;feature description;repeatable correspondence matching;robust real-time visual SLAM;scale prediction;visual occlusion;Cameras;Computer science;Filtering;Layout;Matched filters;Robot vision systems;Robustness;Simultaneous localization and mapping;Stochastic processes;Wearable computers},
}

@InProceedings{1640995,
  author    = {A. E. Abdel-Hakim and A. A. Farag},
  title     = {CSIFT: A SIFT Descriptor with Color Invariant Characteristics},
  booktitle = {2006 IEEE Computer Society Conference on Computer Vision and Pattern Recognition (CVPR'06)},
  year      = {2006},
  volume    = {2},
  pages     = {1978-1983},
  doi       = {10.1109/CVPR.2006.95},
  issn      = {1063-6919},
  keywords  = {Colored noise;Computer vision;Feature extraction;Histograms;Image processing;Image retrieval;Laboratories;Lighting;Photometry;Robustness},
}

@InProceedings{4058776,
  author    = {W. Y. Jeong and K. M. Lee},
  title     = {Visual SLAM with Line and Corner Features},
  booktitle = {2006 IEEE/RSJ International Conference on Intelligent Robots and Systems},
  year      = {2006},
  pages     = {2570-2575},
  month     = {Oct},
  doi       = {10.1109/IROS.2006.281708},
  issn      = {2153-0858},
  keywords  = {Kalman filters;SLAM (robots);image reconstruction;3D line landmark reconstruction;corner feature;corner landmarks;extended Kalman filter;line feature;map building;robot relocation;simultaneous localization and mapping technique;visual SLAM;Cameras;Costs;Distortion measurement;Image matching;Intelligent robots;Mobile robots;Position measurement;Robot vision systems;Sensor systems;Simultaneous localization and mapping},
}

@InProceedings{7785105,
  author    = {S. Li and A. Handa and Y. Zhang and A. Calway},
  title     = {HDRFusion: HDR SLAM Using a Low-Cost Auto-Exposure RGB-D Sensor},
  booktitle = {2016 Fourth International Conference on 3D Vision (3DV)},
  year      = {2016},
  pages     = {314-322},
  month     = {Oct},
  doi       = {10.1109/3DV.2016.40},
  keywords  = {SLAM (robots);image colour analysis;image fusion;image sensors;image texture;object tracking;HDR SLAM;HDR textured volume;HDRFusion;LDR frames fusion;automatic exposure tuning;dense RGB SLAM systems;dense RGB-D SLAM systems;exposure time;frame alignment;frame-to-model mode;low-cost auto-exposure RGB-D sensor;radiance maps;scene radiance;Brightness;Cameras;Image color analysis;Robustness;Simultaneous localization and mapping;Standards;Tracking;HDR texture;RGB-D SLAM;auto exposure},
}

@InProceedings{5979665,
  author    = {G. Zhang and I. H. Suh},
  title     = {Building a partial 3D line-based map using a monocular SLAM},
  booktitle = {2011 IEEE International Conference on Robotics and Automation},
  year      = {2011},
  pages     = {1497-1502},
  month     = {May},
  doi       = {10.1109/ICRA.2011.5979665},
  issn      = {1050-4729},
  keywords  = {Kalman filters;SLAM (robots);floor line;line-based partial 3D map;measurement model;monocular SLAM;partial 3D line-based map;simple 2D objects;structural properties;structured indoor environment;unified EKF framework;vertical line;Cameras;Feature extraction;Robot kinematics;Robot vision systems;Simultaneous localization and mapping},
}

@Article{938381,
  author   = {M. W. M. G. Dissanayake and P. Newman and S. Clark and H. F. Durrant-Whyte and M. Csorba},
  title    = {A solution to the simultaneous localization and map building (SLAM) problem},
  journal  = {IEEE Transactions on Robotics and Automation},
  year     = {2001},
  volume   = {17},
  number   = {3},
  pages    = {229-241},
  month    = {Jun},
  doi      = {10.1109/70.938381},
  issn     = {1042-296X},
  keywords = {covariance matrices;estimation theory;filtering theory;mobile robots;path planning;state estimation;SLAM problem;absolute accuracy;absolute vehicle location;autonomous vehicle;estimation-theoretic foundations;map management;millimeter-wave radar;outdoor environment;perfect map;relative map;simultaneous localization and map building problem;suboptimal map-building algorithms;unknown environment;unknown location;Environmental management;Helium;Mechatronics;Millimeter wave radar;Mobile robots;Motion planning;Navigation;Remotely operated vehicles;Simultaneous localization and mapping;Uncertainty},
}

@Comment{jabref-meta: databaseType:bibtex;}
